<record><leader>00000cas a22000007a 4500</leader><controlfield tag="001">33472553</controlfield><controlfield tag="008">951113d19421944akuwr ne      0    0eng d</controlfield><datafield ind1=" " ind2=" " tag="010"><subfield code="a">sn 95060060 </subfield></datafield><datafield ind1=" " ind2=" " tag="040"><subfield code="a">ANE</subfield><subfield code="b">eng</subfield><subfield code="c">ANE</subfield><subfield code="d">OCL</subfield><subfield code="d">OCLCQ</subfield><subfield code="d">OCLCF</subfield><subfield code="d">OCLCO</subfield></datafield><datafield ind1="1" ind2=" " tag="029"><subfield code="a">AU@</subfield><subfield code="b">000012081663</subfield></datafield><datafield ind1=" " ind2=" " tag="042"><subfield code="a">msc</subfield></datafield><datafield ind1=" " ind2=" " tag="043"><subfield code="a">n-us-ak</subfield></datafield><datafield ind1=" " ind2="4" tag="050"><subfield code="a">D731</subfield><subfield code="b">.L349</subfield></datafield><datafield ind1="0" ind2="0" tag="245"><subfield code="a">Last outpost weekly paper.</subfield></datafield><datafield ind1="3" ind2="0" tag="246"><subfield code="a">Last outpost</subfield></datafield><datafield ind1="3" ind2="0" tag="246"><subfield code="a">Outpost Umnak weekly</subfield></datafield><datafield ind1="3" ind2="0" tag="246"><subfield code="a">Outpost Ft. Glenn weekly</subfield></datafield><datafield ind1="3" ind2="0" tag="246"><subfield code="a">Last outpost Ft. Glenn weekly</subfield></datafield><datafield ind1="3" ind2="0" tag="246"><subfield code="a">LOP</subfield></datafield><datafield ind1=" " ind2=" " tag="260"><subfield code="a">[Fort Glenn, Alaska] :</subfield><subfield code="b">Wilson C. Bennett</subfield></datafield><datafield ind1=" " ind2=" " tag="300"><subfield code="a">v.</subfield></datafield><datafield ind1=" " ind2=" " tag="310"><subfield code="a">Weekly</subfield></datafield><datafield ind1="1" ind2=" " tag="362"><subfield code="a">Began in 1942; ceased in 1944?</subfield></datafield><datafield ind1=" " ind2=" " tag="500"><subfield code="a">"Official APO 948 Post newspaper."</subfield></datafield><datafield ind1=" " ind2=" " tag="500"><subfield code="a">Title varies slightly.</subfield></datafield><datafield ind1=" " ind2=" " tag="500"><subfield code="a">Published as: Last outpost, Oct. 10, 1943-&lt;July 2, 1944&gt;.</subfield></datafield><datafield ind1=" " ind2=" " tag="515"><subfield code="a">Some issue numbers and dates irregular.</subfield></datafield><datafield ind1=" " ind2=" " tag="588"><subfield code="a">Description based on: Vol. 1, no. 18 (Nov. 15, 1942).</subfield></datafield><datafield ind1=" " ind2="0" tag="650"><subfield code="a">Military bases</subfield><subfield code="z">Alaska</subfield><subfield code="v">Newspapers.</subfield></datafield><datafield ind1=" " ind2="7" tag="655"><subfield code="a">Newspapers.</subfield><subfield code="2">fast</subfield><subfield code="0">(OCoLC)fst01423814</subfield></datafield><datafield ind1=" " ind2="7" tag="650"><subfield code="a">Military bases.</subfield><subfield code="2">fast</subfield><subfield code="0">(OCoLC)fst01020986</subfield></datafield><datafield ind1=" " ind2="7" tag="651"><subfield code="a">Alaska.</subfield><subfield code="2">fast</subfield><subfield code="0">(OCoLC)fst01204480</subfield></datafield><datafield ind1=" " ind2=" " tag="752"><subfield code="a">United States</subfield><subfield code="b">Alaska</subfield><subfield code="d">Fort Glenn.</subfield></datafield></record>